@inproceedings{barthe2020versatility,
	title        = {On the Versatility of Open Logical Relations: Continuity, Automatic Differentiation, and a Containment Theorem},
	author       = {Barthe, Gilles and Crubill{\'e}, Rapha{\"e}lle and Lago, Ugo Dal and Gavazzo, Francesco},
	year         = 2020,
	booktitle    = {Programming Languages and Systems},
	publisher    = {Springer International Publishing},
	address      = {Cham},
	pages        = {56--83},
	editor       = {M{\"u}ller, Peter},
	organization = {Springer}
}
@article{shaikhha2019efficient,
	title        = {Efficient differentiable programming in a functional array-processing language},
	author       = {Shaikhha, Amir and Fitzgibbon, Andrew and Vytiniotis, Dimitrios and Peyton Jones, Simon},
	year         = 2019,
	journal      = {Proceedings of the ACM on Programming Languages},
	publisher    = {ACM},
	volume       = 3,
	number       = {ICFP},
	pages        = 97
}
@article{huot2020correctness,
	title        = {Correctness of Automatic Differentiation via Diffeologies and Categorical Gluing},
	author       = {Huot, Mathieu and Staton, Sam and V{\'a}k{\'a}r, Matthijs},
	year         = 2020,
	journal      = {arXiv preprint arXiv:2001.02209}
}
@article{brunel2019backpropagation,
	title        = {Backpropagation in the simply typed lambda-calculus with linear negation},
	author       = {Brunel, Alo{\"\i}s and Mazza, Damiano and Pagani, Michele},
	year         = 2019,
	journal      = {Proceedings of the ACM on Programming Languages},
	booktitle    = {Proc.~POPL 2020},
	publisher    = {ACM New York, NY, USA},
	volume       = 4,
	number       = {POPL},
	pages        = {1--27}
}
@article{lantern_icfp,
	title        = {Demystifying Differentiable Programming: Shift/Reset the Penultimate Backpropagator},
	author       = {Wang, Fei and Zheng, Daniel and Decker, James and Wu, Xilun and Essertel, Gr\'{e}gory M. and Rompf, Tiark},
	year         = 2019,
	month        = jul,
	journal      = {Proc. ACM Program. Lang.},
	publisher    = {Association for Computing Machinery},
	address      = {New York, NY, USA},
	volume       = 3,
	number       = {ICFP},
	articleno    = {Article 96},
	numpages     = 31
}
@inproceedings{10.1007/978-3-030-44914-8_3,
	title        = {On the Versatility of Open Logical Relations},
	author       = {Barthe, Gilles and Crubill{\'e}, Rapha{\"e}lle and Lago, Ugo Dal and Gavazzo, Francesco},
	year         = 2020,
	booktitle    = {Programming Languages and Systems},
	publisher    = {Springer International Publishing},
	address      = {Cham},
	pages        = {56--83},
	editor       = {M{\"u}ller, Peter}
}
@article{Elliott:2018:SEA:3243631.3236765,
	title        = {The Simple Essence of Automatic Differentiation},
	author       = {Elliott, Conal},
	year         = 2018,
	month        = jul,
	journal      = {Proc. ACM Program. Lang.},
	publisher    = {ACM},
	address      = {New York, NY, USA},
	volume       = 2,
	number       = {ICFP},
	pages        = {70:1--70:29},
	issn         = {2475-1421},
	issue_date   = {September 2018},
	articleno    = 70,
	acmid        = 3236765
}
@book{johnstone2002sketches,
	title        = {Sketches of an elephant: A topos theory compendium},
	author       = {Johnstone, Peter T},
	year         = 2002,
	publisher    = {Oxford University Press},
	volume       = 2
}
@article{fiorenza2012vcech,
	title        = {{\v{C}}ech cocycles for differential characteristic classes: an infinity-{L}ie theoretic construction},
	author       = {Fiorenza, Domenico and Schreiber, Urs and Stasheff, Jim and others},
	year         = 2012,
	journal      = {Advances in Theoretical and Mathematical Physics},
	publisher    = {International Press of Boston},
	volume       = 16,
	number       = 1,
	pages        = {149--250}
}
@article{boman1968differentiability,
	title        = {Differentiability of a function and of its compositions with functions of one variable},
	author       = {Boman, Jan},
	year         = 1968,
	journal      = {Mathematica Scandinavica},
	publisher    = {JSTOR},
	pages        = {249--268}
}
@article{baez2011convenient,
	title        = {Convenient categories of smooth spaces},
	author       = {Baez, John and Hoffnung, Alexander},
	year         = 2011,
	journal      = {Transactions of the American Mathematical Society},
	volume       = 363,
	number       = 11,
	pages        = {5789--5825}
}
@article{watts2014diffeological,
	title        = {Diffeological coarse moduli spaces of stacks over manifolds},
	author       = {Watts, Jordan and Wolbert, Seth},
	year         = 2014,
	journal      = {arXiv preprint arXiv:1406.1392}
}
@article{christensen2014d,
	title        = {The D-topology for diffeological spaces},
	author       = {Christensen, John Daniel and Sinnamon, Gordon and Wu, Enxin},
	year         = 2014,
	journal      = {Pacific Journal of Mathematics},
	publisher    = {Mathematical Sciences Publishers},
	volume       = 272,
	number       = 1,
	pages        = {87--110}
}
@book{iglesias2013diffeology,
	title        = {Diffeology},
	author       = {Iglesias-Zemmour, Patrick},
	year         = 2013,
	publisher    = {American Mathematical Soc.},
	optvolume    = 185
}
@article{christensen2014tangent,
	title        = {Tangent spaces and tangent bundles for diffeological spaces},
	author       = {Christensen, J Daniel and Wu, Enxin},
	year         = 2014,
	journal      = {arXiv preprint arXiv:1411.5425}
}
@book{gelbaum2003counterexamples,
	title        = {Counterexamples in analysis},
	author       = {Gelbaum, Bernard R and Olmsted, John MH},
	year         = 2003,
	publisher    = {Courier Corporation}
}
@inproceedings{altenkirch2010higher,
	title        = {Higher-order containers},
	author       = {Altenkirch, Thorsten and Levy, Paul and Staton, Sam},
	year         = 2010,
	booktitle    = {Conference on Computability in Europe},
	pages        = {11--20},
	organization = {Springer}
}
@inproceedings{abbott2003categories,
	title        = {Categories of containers},
	author       = {Abbott, Michael and Altenkirch, Thorsten and Ghani, Neil},
	year         = 2003,
	booktitle    = {International Conference on Foundations of Software Science and Computation Structures},
	pages        = {23--38},
	organization = {Springer}
}
@article{magnot2017diffeology,
	title        = {The diffeology of Milnor's classifying space},
	author       = {Magnot, Jean-Pierre and Watts, Jordan},
	year         = 2017,
	journal      = {Topology and its Applications},
	publisher    = {Elsevier},
	volume       = 232,
	pages        = {189--213}
}
@article{manzyuk2012confusion,
	title        = {Confusion of tagged perturbations in forward automatic differentiation of higher-order functions},
	author       = {Manzyuk, Oleksandr and Pearlmutter, Barak A and Radul, Alexey Andreyevich and Rush, David R and Siskind, Jeffrey Mark},
	year         = 2012,
	journal      = {arXiv preprint arXiv:1211.4892}
}
@book{michor2008topics,
	title        = {Topics in differential geometry},
	author       = {Michor, Peter W},
	year         = 2008,
	publisher    = {American Mathematical Soc.},
	volume       = 93
}
@inproceedings{heunen2017convenient,
	title        = {A convenient category for higher-order probability theory},
	author       = {Heunen, Chris and Kammar, Ohad and Staton, Sam and Yang, Hongseok},
	year         = 2017,
	booktitle    = {2017 32nd Annual ACM/IEEE Symposium on Logic in Computer Science (LICS)},
	pages        = {1--12},
	organization = {IEEE}
}
@article{mcinnes2018umap,
	title        = {Umap: Uniform manifold approximation and projection for dimension reduction},
	author       = {McInnes, Leland and Healy, John and Melville, James},
	year         = 2018,
	journal      = {arXiv preprint arXiv:1802.03426}
}
@article{nlab-manifold-idem,
	title        = {Smooth manifold. Patching as idempotent splitting},
	author       = {nLab},
	journal      = {https://ncatlab.org/nlab/show/smooth+manifold}
}
@article{nlab-idem,
	title        = {Karoubi envelope},
	author       = {nLab},
	journal      = {https://ncatlab.org/nlab/show/Karoubi+envelope}
}
@article{wang2018demystifying,
	title        = {Demystifying differentiable programming: Shift/reset the penultimate backpropagator},
	author       = {Wang, Fei and Wu, Xilun and Essertel, Gregory and Decker, James and Rompf, Tiark},
	year         = 2019,
	journal      = {Proceedings of the ACM on Programming Languages},
	publisher    = {ACM},
	volume       = 3,
	number       = {ICFP},
	optpages     = 97
}
@article{beck1994if,
	title        = {The if-problem in automatic differentiation},
	author       = {Beck, Thomas and Fischer, Herbert},
	year         = 1994,
	journal      = {Journal of Computational and Applied Mathematics},
	publisher    = {Elsevier},
	volume       = 50,
	number       = {1-3},
	pages        = {119--131}
}
@article{baydin2014automatic,
	title        = {Automatic differentiation of algorithms for machine learning},
	author       = {Baydin, Atilim Gunes and Pearlmutter, Barak A},
	year         = 2014,
	journal      = {arXiv preprint arXiv:1404.7456}
}
@inproceedings{wang2018backpropagation,
	title        = {Backpropagation with continuation callbacks: foundations for efficient and expressive differentiable programming},
	author       = {Wang, Fei and Decker, James and Wu, Xilun and Essertel, Gr{\'e}gory and Rompf, Tiark},
	year         = 2018,
	booktitle    = {Proceedings of the 32nd International Conference on Neural Information Processing Systems},
	pages        = {10201--10212},
	organization = {Curran Associates Inc.}
}
@article{sprunger2019differentiable,
	title        = {Differentiable Causal Computations via Delayed Trace},
	author       = {Sprunger, David and Katsumata, Shin-ya},
	year         = 2019,
	journal      = {arXiv preprint arXiv:1903.01093}
}
@article{vakar2019domain,
	title        = {A domain theory for statistical probabilistic programming},
	author       = {V{\'a}k{\'a}r, Matthijs and Kammar, Ohad and Staton, Sam},
	year         = 2019,
	journal      = {Proceedings of the ACM on Programming Languages},
	publisher    = {ACM},
	volume       = 3,
	number       = {POPL},
	pages        = 36
}
@article{rumelhart1988learning,
	title        = {Learning representations by back-propagating errors},
	author       = {Rumelhart, David E and Hinton, Geoffrey E and Williams, Ronald J and others},
	year         = 1988,
	journal      = {Cognitive modeling},
	volume       = 5,
	number       = 3,
	pages        = 1
}
@misc{lecun2018deep,
	title        = {Deep Learning est mort. Vive Differentiable Programming},
	author       = {LeCun, Yann},
	year         = 2018
}
@article{olah2015neural,
	title        = {Neural Networks, Types, and Functional Programming},
	author       = {Olah, Christopher},
	year         = 2015
}
@article{wengert1964simple,
	title        = {A simple automatic derivative evaluation program},
	author       = {Wengert, Robert Edwin},
	year         = 1964,
	journal      = {Communications of the ACM},
	publisher    = {ACM},
	volume       = 7,
	number       = 8,
	pages        = {463--464}
}
@techreport{speelpenning1980compiling,
	title        = {Compiling fast partial derivatives of functions given by algorithms},
	author       = {Speelpenning, Bert},
	year         = 1980,
	institution  = {Illinois Univ., Urbana (USA). Dept. of Computer Science}
}
@article{betancourt2018geometric,
	title        = {A geometric theory of higher-order automatic differentiation},
	author       = {Betancourt, Michael},
	year         = 2018,
	journal      = {arXiv preprint arXiv:1812.11592}
}
@article{elliott2017compiling,
	title        = {Compiling to categories},
	author       = {Elliott, Conal},
	year         = 2017,
	journal      = {Proceedings of the ACM on Programming Languages},
	publisher    = {ACM},
	volume       = 1,
	number       = {ICFP},
	pages        = 27
}
@article{elliott2018simple,
	title        = {The simple essence of automatic differentiation},
	author       = {Elliott, Conal},
	year         = 2018,
	journal      = {Proceedings of the ACM on Programming Languages},
	publisher    = {ACM},
	volume       = 2,
	number       = {ICFP},
	pages        = 70
}
@inproceedings{abadi2016tensorflow,
	title        = {Tensorflow: A system for large-scale machine learning},
	author       = {Abadi, Mart{\'\i}n and Barham, Paul and Chen, Jianmin and Chen, Zhifeng and Davis, Andy and Dean, Jeffrey and Devin, Matthieu and Ghemawat, Sanjay and Irving, Geoffrey and Isard, Michael and others},
	year         = 2016,
	booktitle    = {12th {U}{S}{E}{N}{I}{X} Symposium on Operating Systems Design and Implementation ({O}{S}{D}{I} 16)},
	pages        = {265--283}
}
@inproceedings{bergstra2010theano,
	title        = {Theano: a CPU and GPU math expression compiler},
	author       = {Bergstra, James and Breuleux, Olivier and Bastien, Fr{\'e}d{\'e}ric and Lamblin, Pascal and Pascanu, Razvan and Desjardins, Guillaume and Turian, Joseph and Warde-Farley, David and Bengio, Yoshua},
	year         = 2010,
	booktitle    = {Proceedings of the Python for scientific computing conference (SciPy)},
	volume       = 4,
	number       = 3,
	organization = {Austin, TX}
}
@article{carpenter2017stan,
	title        = {Stan: A probabilistic programming language},
	author       = {Carpenter, Bob and Gelman, Andrew and Hoffman, Matthew D and Lee, Daniel and Goodrich, Ben and Betancourt, Michael and Brubaker, Marcus and Guo, Jiqiang and Li, Peter and Riddell, Allen},
	year         = 2017,
	journal      = {Journal of statistical software},
	publisher    = {Columbia Univ., New York, NY (United States); Harvard Univ., Cambridge, MA~…},
	volume       = 76,
	number       = 1
}
@article{paszke2017automatic,
	title        = {Automatic differentiation in pytorch},
	author       = {Paszke, Adam and Gross, Sam and Chintala, Soumith and Chanan, Gregory and Yang, Edward and DeVito, Zachary and Lin, Zeming and Desmaison, Alban and Antiga, Luca and Lerer, Adam},
	year         = 2017
}
@article{qian1999momentum,
	title        = {On the momentum term in gradient descent learning algorithms},
	author       = {Qian, Ning},
	year         = 1999,
	journal      = {Neural networks},
	publisher    = {Elsevier},
	volume       = 12,
	number       = 1,
	pages        = {145--151}
}
@article{kingma2014adam,
	title        = {Adam: A method for stochastic optimization},
	author       = {Kingma, Diederik P and Ba, Jimmy},
	year         = 2014,
	journal      = {arXiv preprint arXiv:1412.6980}
}
@article{duchi2011adaptive,
	title        = {Adaptive subgradient methods for online learning and stochastic optimization},
	author       = {Duchi, John and Hazan, Elad and Singer, Yoram},
	year         = 2011,
	journal      = {Journal of Machine Learning Research},
	volume       = 12,
	number       = {Jul},
	pages        = {2121--2159}
}
@article{liu1989limited,
	title        = {On the limited memory {B}{F}{G}{S} method for large scale optimization},
	author       = {Liu, Dong C and Nocedal, Jorge},
	year         = 1989,
	journal      = {Mathematical programming},
	publisher    = {Springer},
	volume       = 45,
	number       = {1-3},
	pages        = {503--528}
}
@article{robbins1951stochastic,
	title        = {A stochastic approximation method},
	author       = {Robbins, Herbert and Monro, Sutton},
	year         = 1951,
	journal      = {The annals of mathematical statistics},
	publisher    = {JSTOR},
	pages        = {400--407}
}
@article{kiefer1952stochastic,
	title        = {Stochastic estimation of the maximum of a regression function},
	author       = {Kiefer, Jack and Wolfowitz, Jacob and others},
	year         = 1952,
	journal      = {The Annals of Mathematical Statistics},
	publisher    = {Institute of Mathematical Statistics},
	volume       = 23,
	number       = 3,
	pages        = {462--466}
}
@article{innes2019zygote,
	title        = {A Differentiable Programming System to Bridge Machine Learning and Scientific Computing},
	author       = {Innes, Mike and Edelman, Alan and Fischer, Keno and Rackauckus, Chris and Saba, Elliot and Shah, Viral B and Tebbutt, Will},
	year         = 2019,
	journal      = {arXiv preprint arXiv:1907.07587}
}
@inproceedings{flanagan1993essence,
	title        = {The essence of compiling with continuations},
	author       = {Flanagan, Cormac and Sabry, Amr and Duba, Bruce F and Felleisen, Matthias},
	year         = 1993,
	booktitle    = {ACM Sigplan Notices},
	volume       = 28,
	number       = 6,
	pages        = {237--247},
	organization = {ACM}
}
@inproceedings{fong2019backprop,
	title        = {Backprop as functor: A compositional perspective on supervised learning},
	author       = {Fong, Brendan and Spivak, David and Tuy{\'e}ras, R{\'e}my},
	year         = 2019,
	booktitle    = {2019 34th Annual ACM/IEEE Symposium on Logic in Computer Science (LICS)},
	pages        = {1--13},
	organization = {IEEE}
}
@inproceedings{grefenstette2015learning,
	title        = {Learning to transduce with unbounded memory},
	author       = {Grefenstette, Edward and Hermann, Karl Moritz and Suleyman, Mustafa and Blunsom, Phil},
	year         = 2015,
	booktitle    = {Advances in neural information processing systems},
	pages        = {1828--1836}
}
@article{graves2014neural,
	title        = {Neural turing machines},
	author       = {Graves, Alex and Wayne, Greg and Danihelka, Ivo},
	year         = 2014,
	journal      = {arXiv preprint arXiv:1410.5401}
}
@book{griewank2008evaluating,
	title        = {Evaluating derivatives: principles and techniques of algorithmic differentiation},
	author       = {Griewank, Andreas and Walther, Andrea},
	year         = 2008,
	publisher    = {Siam},
	volume       = 105
}
@unpublished{sigal-poster,
	title        = {Denotational Semantics for Differential Programming with Manifolds},
	author       = {Jesse Sigal},
	note         = {Poster at ICFP 2018},
	optkey       = {},
	optmonth     = {},
	optyear      = 2018,
	optannote    = {}
}
@unpublished{plotkin-invited-talk,
	title        = {Some Principles of Differential Programming Languages},
	author       = {Gordon D Plotkin},
	year         = 2018,
	note         = {Invited talk, POPL 2018},
	optkey       = {},
	optmonth     = {},
	optannote    = {}
}
@unpublished{vakar-invited-talk,
	title        = {Diffeological Spaces and Denotational Semantics for Differential Programming},
	author       = {Matthijs V\'ak\'ar, Ohad Kammar, Sam Staton},
	year         = 2018,
	note         = {Invited talk, MFPS 2018},
	optkey       = {},
	optmonth     = {},
	optannote    = {}
}
@article{linnainmaa1970representation,
	title        = {The representation of the cumulative rounding error of an algorithm as a Taylor expansion of the local rounding errors},
	author       = {Linnainmaa, Seppo},
	year         = 1970,
	journal      = {Master's Thesis (in Finnish), Univ. Helsinki},
	pages        = {6--7}
}
@article{ehrhard2003differential,
	title        = {The differential lambda-calculus},
	author       = {Ehrhard, Thomas and Regnier, Laurent},
	year         = 2003,
	journal      = {Theoretical Computer Science},
	publisher    = {Elsevier},
	volume       = 309,
	number       = {1-3},
	pages        = {1--41}
}
@book{kock2006synthetic,
	title        = {Synthetic differential geometry},
	author       = {Kock, Anders},
	year         = 2006,
	publisher    = {Cambridge University Press},
	volume       = 333
}
@incollection{souriau1980groupes,
	title        = {Groupes diff{\'e}rentiels},
	author       = {Souriau, Jean-Marie},
	year         = 1980,
	booktitle    = {Differential geometrical methods in mathematical physics},
	publisher    = {Springer},
	pages        = {91--128}
}
@book{fiore2004axiomatic,
	title        = {Axiomatic domain theory in categories of partial maps},
	author       = {Fiore, Marcelo P},
	year         = 2004,
	publisher    = {Cambridge University Press},
	volume       = 14
}
@article{scibior2017denotational,
	title        = {Denotational validation of higher-order Bayesian inference},
	author       = {{\'S}cibior, Adam and Kammar, Ohad and V{\'a}k{\'a}r, Matthijs and Staton, Sam and Yang, Hongseok and Cai, Yufei and Ostermann, Klaus and Moss, Sean K and Heunen, Chris and Ghahramani, Zoubin},
	year         = 2017,
	journal      = {Proceedings of the ACM on Programming Languages},
	publisher    = {ACM},
	volume       = 2,
	number       = {POPL},
	pages        = 60
}
@article{tsiros2019population,
	title        = {Population pharmacokinetic reanalysis of a Diazepam PBPK model: a comparison of Stan and GNU MCSim},
	author       = {Tsiros, Periklis and Bois, Frederic Y and Dokoumetzidis, Aristides and Tsiliki, Georgia and Sarimveis, Haralambos},
	year         = 2019,
	journal      = {Journal of Pharmacokinetics and Pharmacodynamics},
	publisher    = {Springer},
	volume       = 46,
	number       = 2,
	pages        = {173--192}
}
@article{chatzilena2019contemporary,
	title        = {Contemporary statistical inference for infectious disease models using Stan},
	author       = {Chatzilena, Anastasia and van Leeuwen, Edwin and Ratmann, Oliver and Baguelin, Marc and Demiris, Nikolaos},
	year         = 2019,
	journal      = {arXiv preprint arXiv:1903.00423}
}
@inproceedings{socher2011parsing,
	title        = {Parsing natural scenes and natural language with recursive neural networks},
	author       = {Socher, Richard and Lin, Cliff C and Manning, Chris and Ng, Andrew Y},
	year         = 2011,
	booktitle    = {Proceedings of the 28th international conference on machine learning (ICML-11)},
	pages        = {129--136}
}
@book{moerdijk2013models,
	title        = {Models for smooth infinitesimal analysis},
	author       = {Moerdijk, Ieke and Reyes, Gonzalo E},
	year         = 2013,
	publisher    = {Springer Science \& Business Media}
}
@article{hoffman2014no,
	title        = {The {N}o-{U}-{T}urn sampler: adaptively setting path lengths in {H}amiltonian {M}onte {C}arlo.},
	author       = {Hoffman, Matthew D and Gelman, Andrew},
	year         = 2014,
	journal      = {Journal of Machine Learning Research},
	volume       = 15,
	number       = 1,
	pages        = {1593--1623}
}
@article{neal2011mcmc,
	title        = {M{C}{M}{C} using {H}amiltonian dynamics},
	author       = {Neal, Radford M and others},
	year         = 2011,
	journal      = {Handbook of {M}arkov {C}hain {M}onte {C}arlo},
	volume       = 2,
	number       = 11,
	pages        = 2
}
@article{kucukelbir2017automatic,
	title        = {Automatic differentiation variational inference},
	author       = {Kucukelbir, Alp and Tran, Dustin and Ranganath, Rajesh and Gelman, Andrew and Blei, David M},
	year         = 2017,
	journal      = {The Journal of Machine Learning Research},
	publisher    = {JMLR. org},
	volume       = 18,
	number       = 1,
	pages        = {430--474}
}
@article{vakar2018s,
	title        = {On S-Finite Measures and Kernels},
	author       = {V{\'a}k{\'a}r, Matthijs and Ong, Luke},
	year         = 2018,
	journal      = {arXiv preprint arXiv:1810.01837}
}
@inproceedings{Chakravarty:2005:ATS:1086365.1086397,
	title        = {Associated Type Synonyms},
	author       = {Chakravarty, Manuel M. T. and Keller, Gabriele and Jones, Simon Peyton},
	year         = 2005,
	booktitle    = {Proceedings of the Tenth ACM SIGPLAN International Conference on Functional Programming},
	location     = {Tallinn, Estonia},
	publisher    = {ACM},
	address      = {New York, NY, USA},
	series       = {ICFP '05},
	pages        = {241--253},
	doi          = {10.1145/1086365.1086397},
	isbn         = {1-59593-064-7},
	url          = {http://doi.acm.org/10.1145/1086365.1086397},
	numpages     = 13,
	acmid        = 1086397,
	keywords     = {associated types, generic programming, type classes, type functions, type inference}
}
@inproceedings{Chakravarty:2011:AHA:1926354.1926358,
	title        = {Accelerating Haskell Array Codes with Multicore GPUs},
	author       = {Chakravarty, Manuel M.T. and Keller, Gabriele and Lee, Sean and McDonell, Trevor L. and Grover, Vinod},
	year         = 2011,
	booktitle    = {Proceedings of the Sixth Workshop on Declarative Aspects of Multicore Programming},
	location     = {Austin, Texas, USA},
	publisher    = {ACM},
	address      = {New York, NY, USA},
	series       = {DAMP '11},
	pages        = {3--14},
	doi          = {10.1145/1926354.1926358},
	isbn         = {978-1-4503-0486-3},
	url          = {http://doi.acm.org/10.1145/1926354.1926358},
	numpages     = 12,
	acmid        = 1926358,
	keywords     = {arrays, data parallelism, dynamic compilation, gpgpu, haskell, skeletons}
}
@inproceedings{McDonell:2013:OPF:2500365.2500595,
	title        = {Optimising Purely Functional GPU Programs},
	author       = {McDonell, Trevor L. and Chakravarty, Manuel M.T. and Keller, Gabriele and Lippmeier, Ben},
	year         = 2013,
	booktitle    = {Proceedings of the 18th ACM SIGPLAN International Conference on Functional Programming},
	location     = {Boston, Massachusetts, USA},
	publisher    = {ACM},
	address      = {New York, NY, USA},
	series       = {ICFP '13},
	pages        = {49--60},
	doi          = {10.1145/2500365.2500595},
	isbn         = {978-1-4503-2326-0},
	url          = {http://doi.acm.org/10.1145/2500365.2500595},
	numpages     = 12,
	acmid        = 2500595,
	keywords     = {array fusion, arrays, data parallelism, dynamic compilation, embedded language, gpgpu, haskell, sharing recovery}
}
@article{Lippmeier:2012:WEH:2398856.2364564,
	title        = {Work Efficient Higher-order Vectorisation},
	author       = {Lippmeier, Ben and Chakravarty, Manuel M.T. and Keller, Gabriele and Leshchinskiy, Roman and Peyton Jones, Simon},
	year         = 2012,
	month        = sep,
	journal      = {SIGPLAN Not.},
	publisher    = {ACM},
	address      = {New York, NY, USA},
	volume       = 47,
	number       = 9,
	pages        = {259--270},
	doi          = {10.1145/2398856.2364564},
	issn         = {0362-1340},
	url          = {http://doi.acm.org/10.1145/2398856.2364564},
	issue_date   = {September 2012},
	numpages     = 12,
	acmid        = 2364564,
	keywords     = {arrays, data parallelism, haskell}
}
@article{Keller:2010:RSP:1932681.1863582,
	title        = {Regular, Shape-polymorphic, Parallel Arrays in Haskell},
	author       = {Keller, Gabriele and Chakravarty, Manuel M.T. and Leshchinskiy, Roman and Peyton Jones, Simon and Lippmeier, Ben},
	year         = 2010,
	month        = sep,
	journal      = {SIGPLAN Not.},
	publisher    = {ACM},
	address      = {New York, NY, USA},
	volume       = 45,
	number       = 9,
	pages        = {261--272},
	doi          = {10.1145/1932681.1863582},
	issn         = {0362-1340},
	url          = {http://doi.acm.org/10.1145/1932681.1863582},
	issue_date   = {September 2010},
	numpages     = 12,
	acmid        = 1863582,
	keywords     = {arrays, data parallelism, haskell}
}
@inproceedings{peyton2008harnessing,
	title        = {Harnessing the multicores: Nested data parallelism in Haskell},
	author       = {Peyton Jones, Simon and Leshchinskiy, Roman and Keller, Gabriele and Chakravarty, Manuel MT},
	year         = 2008,
	booktitle    = {IARCS Annual Conference on Foundations of Software Technology and Theoretical Computer Science},
	organization = {Schloss Dagstuhl-Leibniz-Zentrum f{\"u}r Informatik}
}
@inproceedings{mitchell1992notes,
	title        = {Notes on sconing and relators},
	author       = {Mitchell, John C and Scedrov, Andre},
	year         = 1992,
	booktitle    = {International Workshop on Computer Science Logic},
	pages        = {352--378},
	organization = {Springer}
}
@article{adamek1979least,
	title        = {Least fixed point of a functor},
	author       = {Ad{\'a}mek, Ji{\v{r}}{\'\i} and Koubek, V{\'a}clav},
	year         = 1979,
	journal      = {Journal of Computer and System Sciences},
	publisher    = {Academic Press},
	volume       = 19,
	number       = 2,
	pages        = {163--178}
}
@inproceedings{goubault2002logical,
	title        = {Logical relations for monadic types},
	author       = {Goubault-Larrecq, Jean and Lasota, Slawomir and Nowak, David},
	year         = 2002,
	booktitle    = {International Workshop on Computer Science Logic},
	pages        = {553--568},
	organization = {Springer}
}
@article{dillon2017tensorflow,
	title        = {Tensorflow distributions},
	author       = {Dillon, Joshua V and Langmore, Ian and Tran, Dustin and Brevdo, Eugene and Vasudevan, Srinivas and Moore, Dave and Patton, Brian and Alemi, Alex and Hoffman, Matt and Saurous, Rif A},
	year         = 2017,
	journal      = {arXiv preprint arXiv:1711.10604}
}
@article{girolami2009riemannian,
	title        = {Riemannian Manifold Hamiltonian Monte Carlo},
	author       = {Girolami, Mark and Calderhead, Ben and Chin, Siu A},
	year         = 2009,
	journal      = {arXiv preprint arXiv:0907.1100}
}
@book{lambek1988introduction,
	title        = {Introduction to higher-order categorical logic},
	author       = {Lambek, Joachim and Scott, Philip J},
	year         = 1988,
	publisher    = {Cambridge University Press},
	volume       = 7
}
@techreport{pitts1995categorical,
	title        = {Categorical logic},
	author       = {Pitts, Andrew M},
	year         = 1995,
	institution  = {University of Cambridge, Computer Laboratory}
}
@inproceedings{johnstone-lack-sobocinski,
	title        = {Quasitoposes, Quasiadhesive Categories and {A}rtin Glueing},
	author       = {Peter T Johnstone and Stephen Lack and P Sobocinski},
	year         = 2007,
	booktitle    = {Proc.~CALCO 2007},
	optcrossref  = {},
	optkey       = {},
	opteditor    = {},
	optvolume    = {},
	optnumber    = {},
	optseries    = {},
	optpages     = {},
	optmonth     = {},
	optaddress   = {},
	optorganization = {},
	optpublisher = {},
	optnote      = {},
	optannote    = {}
}
@incollection{lee2013smooth,
	title        = {Smooth manifolds},
	author       = {Lee, John M},
	year         = 2013,
	booktitle    = {Introduction to Smooth Manifolds},
	publisher    = {Springer},
	pages        = {1--31}
}
@article{smootheology,
	title        = {Comparative smootheology},
	author       = {Andrew Stacey},
	year         = 2011,
	journal      = {Theory Appl. Categ.},
	volume       = 25,
	number       = 4,
	pages        = {64--117},
	optkey       = {},
	optmonth     = {},
	optnote      = {},
	optannote    = {}
}
@inproceedings{gallagher-sdg,
	title        = {Towards formalizing and extending differential programming using tangent categories},
	author       = {Geoff Cruttwell and Jonathan Gallagher and Ben MacAdam},
	year         = 2019,
	booktitle    = {Proc.~ACT 2019},
	optcrossref  = {},
	optkey       = {},
	opteditor    = {},
	optvolume    = {},
	optnumber    = {},
	optseries    = {},
	optpages     = {},
	optmonth     = {},
	optaddress   = {},
	optorganization = {},
	optpublisher = {},
	optnote      = {},
	optannote    = {}
}
@inproceedings{bcdg-open-logical-relations,
	title        = {On the Versatility of Open Logical Relations: Continuity, Automatic Differentiation, and a Containment Theorem},
	author       = {Gilles Barthe and Rapha\"elle Crubill\'e and Ugo Dal~Lago and Francesco Gavazzo},
	year         = 2020,
	booktitle    = {Proc.~ESOP 2020},
	publisher    = {Springer},
	note         = {To appear},
	optcrossref  = {},
	optkey       = {},
	opteditor    = {},
	optvolume    = {},
	optnumber    = {},
	optseries    = {},
	optpages     = {},
	optmonth     = {},
	optaddress   = {},
	optorganization = {},
	optannote    = {}
}
@inproceedings{abadi-plotkin2020,
	title        = {A Simple Differentiable Programming Language},
	author       = {Mart\'in Abadi and Gordon D Plotkin},
	year         = 2020,
	booktitle    = {Proc.~POPL 2020},
	publisher    = {ACM},
	optcrossref  = {},
	optkey       = {},
	opteditor    = {},
	optvolume    = {},
	optnumber    = {},
	optseries    = {},
	optpages     = {},
	optmonth     = {},
	optaddress   = {},
	optorganization = {},
	optnote      = {},
	optannote    = {}
}
@inproceedings{rev-deriv-cat2020,
	title        = {Reverse Derivative Categories},
	author       = {J. Robin B. Cockett and Geoff S. H. Cruttwell and Jonathan Gallagher and Jean-Simon Pacaud Lemay and Benjamin MacAdam and Gordon D. Plotkin and Dorette Pronk},
	year         = 2020,
	booktitle    = {Proc.~CSL 2020},
	optcrossref  = {},
	optkey       = {},
	opteditor    = {},
	optvolume    = {},
	optnumber    = {},
	optseries    = {},
	optpages     = {},
	optmonth     = {},
	optaddress   = {},
	optorganization = {},
	optpublisher = {},
	optnote      = {},
	optannote    = {}
}
@inproceedings{Manzyuk2012,
	title        = {A Simply Typed $\lambda$-Calculus of Forward Automatic Differentiation},
	author       = {Oleksandr Manzyuk},
	year         = 2012,
	booktitle    = {Proc.~MFPS 2012},
	optcrossref  = {},
	optkey       = {},
	opteditor    = {},
	optvolume    = {},
	optnumber    = {},
	optseries    = {},
	optpages     = {},
	optmonth     = {},
	optaddress   = {},
	optorganization = {},
	optpublisher = {},
	optnote      = {},
	optannote    = {}
}
@misc{hsv-fossacs2020,
	title        = {Correctness of Automatic Differentiation via Diffeologies and Categorical Gluing},
	author       = {Mathieu Huot and Sam Staton and Matthijs Vákár},
	year         = 2020,
	note         = {arxiv:2001.02209},
	howpublished = {Full version},
	optmonth     = {},
	optannote    = {}
}
@article{vakar2020denotational,
	title        = {Denotational Correctness of Foward-Mode Automatic Differentiation for Iteration and Recursion},
	author       = {V{\'a}k{\'a}r, Matthijs},
	year         = 2020,
	journal      = {arXiv preprint arXiv:2007.05282}
}
@article{vakar2020reverse,
	title        = {Reverse AD at Higher Types: Pure, Principled and Denotationally Correct},
	author       = {V{\'a}k{\'a}r, Matthijs},
	year         = 2020,
	journal      = {arXiv preprint arXiv:2007.05283}
}
@article{mak2020differential,
	title        = {A Differential-form Pullback Programming Language for Higher-order Reverse-mode Automatic Differentiation},
	author       = {Mak, Carol and Ong, Luke},
	year         = 2020,
	journal      = {arXiv preprint arXiv:2002.08241}
}
@article{vytiniotis2019differentiable,
	title        = {The Differentiable Curry},
	author       = {Vytiniotis, Dimitrios and Belov, Dan and Wei, Richard and Plotkin, Gordon and Abadi, Martin},
	year         = 2019
}
@article{elliotthigher,
	title        = {Higher-Order, Higher-Order Automatic Differentiation},
	author       = {Elliott, Conal}
}
@article{siskind2008using,
	title        = {Using polyvariant union-free flow analysis to compile a higher-order functional-programming language with a first-class derivative operator to efficient Fortran-like code},
	author       = {Siskind, Jeffrey Mark and Pearlmutter, Barak A},
	year         = 2008,
	publisher    = {ECE Technical Reports (Purdue e-Pubs)}
}
@article{mazza2021automatic,
	title        = {Automatic differentiation in PCF},
	author       = {Mazza, Damiano and Pagani, Michele},
	year         = 2021,
	journal      = {Proceedings of the ACM on Programming Languages},
	publisher    = {ACM New York, NY, USA},
	volume       = 5,
	number       = {POPL},
	pages        = {1--27}
}
@article{courant2021verified,
	title        = {Verified code generation for the polyhedral model},
	author       = {Courant, Nathana{\"e}l and Leroy, Xavier},
	year         = 2021,
	journal      = {Proceedings of the ACM on Programming Languages},
	publisher    = {ACM New York, NY, USA},
	volume       = 5,
	number       = {POPL},
	pages        = {1--24}
}
@article{sherman2021,
	title        = {$\backslash\lambda\_S $: computable semantics for differentiable programming with higher-order functions and datatypes},
	author       = {Sherman, Benjamin and Michel, Jesse and Carbin, Michael},
	year         = 2021,
	journal      = {Proceedings of the ACM on Programming Languages},
	publisher    = {ACM New York, NY, USA},
	volume       = 5,
	number       = {POPL},
	pages        = {1--31}
}
@article{baydin2016diffsharp,
	title        = {Diffsharp: An AD library for. NET languages},
	author       = {Baydin, At{\i}l{\i}m G{\"u}ne{\c{s}} and Pearlmutter, Barak A and Siskind, Jeffrey Mark},
	year         = 2016,
	journal      = {arXiv preprint arXiv:1611.03423}
}
@article{pearlmutter2008reverse,
	title        = {Reverse-mode {AD} in a functional framework: Lambda the ultimate backpropagator},
	author       = {Pearlmutter, Barak A and Siskind, Jeffrey Mark},
	year         = 2008,
	journal      = {ACM Transactions on Programming Languages and Systems (TOPLAS)},
	publisher    = {ACM},
	volume       = 30,
	number       = 2,
	pages        = 7
}
@article{baydin2017automatic,
	title        = {Automatic differentiation in machine learning: a survey},
	author       = {Baydin, At{\i}l{\i}m G{\"u}nes and Pearlmutter, Barak A and Radul, Alexey Andreyevich and Siskind, Jeffrey Mark},
	year         = 2017,
	journal      = {The Journal of Machine Learning Research},
	publisher    = {JMLR. org},
	volume       = 18,
	number       = 1,
	pages        = {5595--5637}
}
@article{innes2018don,
	title        = {Don't unroll adjoint: differentiating SSA-Form programs},
	author       = {Innes, Michael},
	year         = 2018,
	journal      = {arXiv preprint arXiv:1810.07951}
}
@article{abadi2019simple,
	title        = {A simple differentiable programming language},
	author       = {Abadi, Mart{\'\i}n and Plotkin, Gordon D},
	year         = 2019,
	journal      = {Proceedings of the ACM on Programming Languages},
	publisher    = {ACM New York, NY, USA},
	volume       = 4,
	number       = {POPL},
	pages        = {1--28}
}
@article{cockett2019reverse,
	title        = {Reverse derivative categories},
	author       = {Cockett, Robin and Cruttwell, Geoffrey and Gallagher, Jonathan and Lemay, Jean-Simon Pacaud and MacAdam, Benjamin and Plotkin, Gordon and Pronk, Dorette},
	year         = 2019,
	journal      = {arXiv preprint arXiv:1910.07065}
}
@inproceedings{van2018automatic,
	title        = {Automatic differentiation in ML: Where we are and where we should be going},
	author       = {van Merrienboer, Bart and Breuleux, Olivier and Bergeron, Arnaud and Lamblin, Pascal},
	year         = 2018,
	booktitle    = {Advances in neural information processing systems},
	pages        = {8757--8767}
}
@article{hascoet2013tapenade,
	title        = {The Tapenade automatic differentiation tool: Principles, model, and specification},
	author       = {Hascoet, Laurent and Pascual, Val{\'e}rie},
	year         = 2013,
	journal      = {ACM Transactions on Mathematical Software (TOMS)},
	publisher    = {ACM New York, NY, USA},
	volume       = 39,
	number       = 3,
	pages        = {1--43}
}
@article{agrawal2019tensorflow,
	title        = {TensorFlow Eager: A multi-stage, {P}ython-embedded {D}{S}{L} for machine learning},
	author       = {Agrawal, Akshay and Modi, Akshay Naresh and Passos, Alexandre and Lavoie, Allen and Agarwal, Ashish and Shankar, Asim and Ganichev, Igor and Levenberg, Josh and Hong, Mingsheng and Monga, Rajat and others},
	year         = 2019,
	journal      = {arXiv preprint arXiv:1903.01855}
}
@article{bettencourt2019taylor,
	title        = {Taylor-{M}ode {A}utomatic {D}ifferentiation for {H}igher-{O}rder {D}erivatives in {J}{A}{X}},
	author       = {Bettencourt, Jesse and Johnson, Matthew J and Duvenaud, David},
	year         = 2019
}
@article{cruttwell2017cartesian,
	title        = {Cartesian differential categories revisited},
	author       = {Cruttwell, Geoff SH},
	year         = 2017,
	journal      = {Mathematical Structures in Computer Science},
	publisher    = {Cambridge University Press},
	volume       = 27,
	number       = 1,
	pages        = {70--91}
}
@article{manzyuk2012simply,
	title        = {A simply typed $\lambda$-calculus of forward automatic differentiation},
	author       = {Manzyuk, Oleksandr},
	year         = 2012,
	journal      = {Electronic Notes in Theoretical Computer Science},
	publisher    = {Elsevier},
	volume       = 286,
	pages        = {257--272}
}
@inproceedings{laue2018computing,
	title        = {Computing higher order derivatives of matrix and tensor expressions},
	author       = {Laue, S{\"o}ren and Mitterreiter, Matthias and Giesen, Joachim},
	year         = 2018,
	booktitle    = {Advances in Neural Information Processing Systems},
	pages        = {2750--2759}
}
@article{wu2016deep,
	title        = {Deep dynamic neural networks for multimodal gesture segmentation and recognition},
	author       = {Wu, Di and Pigou, Lionel and Kindermans, Pieter-Jan and Le, Nam Do-Hoang and Shao, Ling and Dambre, Joni and Odobez, Jean-Marc},
	year         = 2016,
	journal      = {IEEE transactions on pattern analysis and machine intelligence},
	publisher    = {IEEE},
	volume       = 38,
	number       = 8,
	pages        = {1583--1597}
}
@article{jin2017manipulability,
	title        = {Manipulability optimization of redundant manipulators using dynamic neural networks},
	author       = {Jin, Long and Li, Shuai and La, Hung Manh and Luo, Xin},
	year         = 2017,
	journal      = {IEEE Transactions on Industrial Electronics},
	publisher    = {IEEE},
	volume       = 64,
	number       = 6,
	pages        = {4710--4720}
}
@article{tai2015improved,
	title        = {Improved semantic representations from tree-structured long short-term memory networks},
	author       = {Tai, Kai Sheng and Socher, Richard and Manning, Christopher D},
	year         = 2015,
	journal      = {arXiv preprint arXiv:1503.00075}
}
@article{chen2016enhanced,
	title        = {Enhanced lstm for natural language inference},
	author       = {Chen, Qian and Zhu, Xiaodan and Ling, Zhenhua and Wei, Si and Jiang, Hui and Inkpen, Diana},
	year         = 2016,
	journal      = {arXiv preprint arXiv:1609.06038}
}
@article{bahdanau2014neural,
	title        = {Neural machine translation by jointly learning to align and translate},
	author       = {Bahdanau, Dzmitry and Cho, Kyunghyun and Bengio, Yoshua},
	year         = 2014,
	journal      = {arXiv preprint arXiv:1409.0473}
}
@article{luong2015effective,
	title        = {Effective approaches to attention-based neural machine translation},
	author       = {Luong, Minh-Thang and Pham, Hieu and Manning, Christopher D},
	year         = 2015,
	journal      = {arXiv preprint arXiv:1508.04025}
}
@article{biancofiore2017recursive,
	title        = {Recursive neural network model for analysis and forecast of PM10 and PM2. 5},
	author       = {Biancofiore, Fabio and Busilacchio, Marcella and Verdecchia, Marco and Tomassetti, Barbara and Aruffo, Eleonora and Bianco, Sebastiano and Di Tommaso, Sinibaldo and Colangeli, Carlo and Rosatelli, Gianluigi and Di Carlo, Piero},
	year         = 2017,
	journal      = {Atmospheric Pollution Research},
	publisher    = {Elsevier},
	volume       = 8,
	number       = 4,
	pages        = {652--659}
}
@inproceedings{guo2019dynamic,
	title        = {Dynamic Recursive Neural Network},
	author       = {Guo, Qiushan and Yu, Zhipeng and Wu, Yichao and Liang, Ding and Qin, Haoyu and Yan, Junjie},
	year         = 2019,
	booktitle    = {Proceedings of the IEEE Conference on Computer Vision and Pattern Recognition},
	pages        = {5147--5156}
}
@article{zhang2015top,
	title        = {Top-down tree long short-term memory networks},
	author       = {Zhang, Xingxing and Lu, Liang and Lapata, Mirella},
	year         = 2015,
	journal      = {arXiv preprint arXiv:1511.00060}
}
@inproceedings{jeong2018improving,
	title        = {Improving the expressiveness of deep learning frameworks with recursion},
	author       = {Jeong, Eunji and Jeong, Joo Seong and Kim, Soojeong and Yu, Gyeong-In and Chun, Byung-Gon},
	year         = 2018,
	booktitle    = {Proceedings of the Thirteenth EuroSys Conference},
	pages        = {1--13}
}
@inproceedings{cytron1989efficient,
	title        = {An efficient method of computing static single assignment form},
	author       = {Cytron, Ron and Ferrante, Jeanne and Rosen, Barry K and Wegman, Mark N and Zadeck, F Kenneth},
	year         = 1989,
	booktitle    = {Proceedings of the 16th ACM SIGPLAN-SIGACT symposium on Principles of programming languages},
	pages        = {25--35}
}
@misc{xla,
	title        = {XLA – TensorFlow compiled. https://www.tensorflow.org/xla},
	author       = {The XLA Team},
	year         = 2017,
	howpublished = {}
}
@article{bernstein2020differentiating,
	title        = {Differentiating a Tensor Language},
	author       = {Bernstein, Gilbert and Mara, Michael and Li, Tzu-Mao and Maclaurin, Dougal and Ragan-Kelley, Jonathan},
	year         = 2020,
	journal      = {arXiv preprint arXiv:2008.11256}
}
@article{carpenter2015stan,
	title        = {The Stan math library: Reverse-mode automatic differentiation in C++},
	author       = {Carpenter, Bob and Hoffman, Matthew D and Brubaker, Marcus and Lee, Daniel and Li, Peter and Betancourt, Michael},
	year         = 2015,
	journal      = {arXiv preprint arXiv:1509.07164}
}

@article{lee2020correctness,
  title={On correctness of automatic differentiation for non-differentiable functions},
  author={Lee, Wonyeol and Yu, Hangyeol and Rival, Xavier and Yang, Hongseok},
  journal={arXiv preprint arXiv:2006.06903},
  year={2020}
}

@article{van2011numpy,
  title={The NumPy array: a structure for efficient numerical computation},
  author={Van Der Walt, Stefan and Colbert, S Chris and Varoquaux, Gael},
  journal={Computing in science \& engineering},
  volume={13},
  number={2},
  pages={22--30},
  year={2011},
  publisher={IEEE}
}

@article{liao2019differentiable,
  title={Differentiable programming tensor networks},
  author={Liao, Hai-Jun and Liu, Jin-Guo and Wang, Lei and Xiang, Tao},
  journal={Physical Review X},
  volume={9},
  number={3},
  pages={031041},
  year={2019},
  publisher={APS}
}

@inproceedings{laue2020simple,
  title={A simple and efficient tensor calculus},
  author={Laue, S{\"o}ren and Mitterreiter, Matthias and Giesen, Joachim},
  booktitle={Proceedings of the AAAI Conference on Artificial Intelligence},
  volume={34},
  number={04},
  pages={4527--4534},
  year={2020}
}

@article{bradbury2020jax,
  title={JAX: composable transformations of Python+ NumPy programs, 2018},
  author={Bradbury, James and Frostig, Roy and Hawkins, Peter and Johnson, Matthew James and Leary, Chris and Maclaurin, Dougal and Wanderman-Milne, Skye},
  journal={URL http://github. com/google/jax},
  volume={4},
  pages={16},
  year={2020}
}

@article{frostig2018compiling,
  title={Compiling machine learning programs via high-level tracing},
  author={Frostig, Roy and Johnson, Matthew James and Leary, Chris},
  journal={Systems for Machine Learning},
  year={2018}
}